%% This BibTeX bibliography file was created using BibDesk.
%% http://bibdesk.sourceforge.net/

%% Created for mac at 2017-09-12 15:45:23 -0700 


%% Saved with string encoding Unicode (UTF-8) 



@inbook{Sample,
	Address = {Beachwood, Ohio, USA},
	Author = {Diaconis, Persi and Holmes, Susan and Shahshahani, Mehrdad},
	Booktitle = {Advances in Modern Statistical Theory and Applications: A Festschrift in honor of Morris L. Eaton},
	Date-Added = {2017-09-12 22:37:03 +0000},
	Date-Modified = {2017-09-12 22:37:29 +0000},
	Doi = {10.1214/12-IMSCOLL1006},
	Pages = {102--125},
	Publisher = {Institute of Mathematical Statistics},
	Series = {Collections},
	Title = {Sampling from a Manifold},
	Url = {http://dx.doi.org/10.1214/12-IMSCOLL1006},
	Volume = {Volume 10},
	Year = {2013}}

@article{Uniform,
	Acmid = {377946},
	Address = {New York, NY, USA},
	Author = {Muller, Mervin E.},
	Date-Added = {2017-09-12 21:48:57 +0000},
	Date-Modified = {2017-09-12 22:23:49 +0000},
	Doi = {10.1145/377939.377946},
	Issn = {0001-0782},
	Issue_Date = {April 1959},
	Journal = {Commun. ACM},
	Month = apr,
	Number = {4},
	Numpages = {2},
	Pages = {19--20},
	Publisher = {ACM},
	Title = {A Note on a Method for Generating Points Uniformly on N-dimensional Spheres},
	Url = {http://doi.acm.org/10.1145/377939.377946},
	Volume = {2},
	Year = {1959},
	Bdsk-Url-1 = {http://doi.acm.org/10.1145/377939.377946},
	Bdsk-Url-2 = {http://dx.doi.org/10.1145/377939.377946},
	Bdsk-File-1 = {YnBsaXN0MDDUAQIDBAUGJCVYJHZlcnNpb25YJG9iamVjdHNZJGFyY2hpdmVyVCR0b3ASAAGGoKgHCBMUFRYaIVUkbnVsbNMJCgsMDxJXTlMua2V5c1pOUy5vYmplY3RzViRjbGFzc6INDoACgAOiEBGABIAFgAdccmVsYXRpdmVQYXRoWWFsaWFzRGF0YV4uLi8uLi9jaXRlLnR4dNIXCxgZV05TLmRhdGFPEQFaAAAAAAFaAAIAAAxNYWNpbnRvc2ggSEQAAAAAAAAAAAAAAAAAAADTUEcmSCsAAAAJjQcIY2l0ZS50eHQAAAAAAAAAAAAAAAAAAAAAAAAAAAAAAAAAAAAAAAAAAAAAAAAAAAAAAAAAAAAAAAAAAAAAAAAAAWtLSNXdrbQAAAAAAAAAAAACAAEAAAkgAAAAAAAAAAAAAAAAAAAAB0Rlc2t0b3AAABAACAAA01CplgAAABEACAAA1d4QJAAAAAEADAAJjQcACYz2AAYwvAACACpNYWNpbnRvc2ggSEQ6VXNlcnM6AG1hYzoARGVza3RvcDoAY2l0ZS50eHQADgASAAgAYwBpAHQAZQAuAHQAeAB0AA8AGgAMAE0AYQBjAGkAbgB0AG8AcwBoACAASABEABIAGlVzZXJzL21hYy9EZXNrdG9wL2NpdGUudHh0ABMAAS8AABUAAgAK//8AAIAG0hscHR5aJGNsYXNzbmFtZVgkY2xhc3Nlc11OU011dGFibGVEYXRhox0fIFZOU0RhdGFYTlNPYmplY3TSGxwiI1xOU0RpY3Rpb25hcnmiIiBfEA9OU0tleWVkQXJjaGl2ZXLRJidUcm9vdIABAAgAEQAaACMALQAyADcAQABGAE0AVQBgAGcAagBsAG4AcQBzAHUAdwCEAI4AnQCiAKoCCAIKAg8CGgIjAjECNQI8AkUCSgJXAloCbAJvAnQAAAAAAAACAQAAAAAAAAAoAAAAAAAAAAAAAAAAAAACdg==}}

@conference{ltsa,
	Author = {Z.Zhang, H.Zha},
	Booktitle = {International Conference on Intelligent Data Engineering and Automated Learning},
	Date-Added = {2017-09-04 03:16:45 +0000},
	Date-Modified = {2017-09-04 03:18:43 +0000},
	Title = {Principal manifolds and nonlinear dimension reduction via local tangent space alignment},
	Year = {2003}}

@article{VDM,
	Author = {A.Singer, H.T. Wu},
	Date-Added = {2017-07-20 21:12:22 +0000},
	Date-Modified = {2017-07-20 21:13:54 +0000},
	Journal = {arXiv:1102.0075v1},
	Month = {Feb},
	Title = {Vector Diffusion Maps and the Connection Laplacian},
	Year = {2011}}

@article{geodistlearn,
	Author = {B.Lin, J. Yang, X. He, J. Ye},
	Date-Added = {2017-07-18 23:04:23 +0000},
	Date-Modified = {2017-07-18 23:05:20 +0000},
	Journal = {arXiv:1405.0133v2},
	Month = {May},
	Title = {Geodesic Distance Function Learning via heat flow on Vector Fields},
	Year = {2014},
	Bdsk-File-1 = {YnBsaXN0MDDUAQIDBAUGJCVYJHZlcnNpb25YJG9iamVjdHNZJGFyY2hpdmVyVCR0b3ASAAGGoKgHCBMUFRYaIVUkbnVsbNMJCgsMDxJXTlMua2V5c1pOUy5vYmplY3RzViRjbGFzc6INDoACgAOiEBGABIAFgAdccmVsYXRpdmVQYXRoWWFsaWFzRGF0YV8QHS4uLy4uLy4uL0Rvd25sb2Fkcy8zNzc5NDYudHh00hcLGBlXTlMuZGF0YU8RAWgAAAAAAWgAAgAADE1hY2ludG9zaCBIRAAAAAAAAAAAAAAAAAAAANNQRyZIKwAAAAmM+QozNzc5NDYudHh0AAAAAAAAAAAAAAAAAAAAAAAAAAAAAAAAAAAAAAAAAAAAAAAAAAAAAAAAAAAAAAAAAAAAAAABa0Ps1d2knwAAAAAAAAAAAAMAAgAACSAAAAAAAAAAAAAAAAAAAAAJRG93bmxvYWRzAAAQAAgAANNQqZYAAAARAAgAANXeBw8AAAABAAwACYz5AAmM9gAGMLwAAgAuTWFjaW50b3NoIEhEOlVzZXJzOgBtYWM6AERvd25sb2FkczoAMzc3OTQ2LnR4dAAOABYACgAzADcANwA5ADQANgAuAHQAeAB0AA8AGgAMAE0AYQBjAGkAbgB0AG8AcwBoACAASABEABIAHlVzZXJzL21hYy9Eb3dubG9hZHMvMzc3OTQ2LnR4dAATAAEvAAAVAAIACv//AACABtIbHB0eWiRjbGFzc25hbWVYJGNsYXNzZXNdTlNNdXRhYmxlRGF0YaMdHyBWTlNEYXRhWE5TT2JqZWN00hscIiNcTlNEaWN0aW9uYXJ5oiIgXxAPTlNLZXllZEFyY2hpdmVy0SYnVHJvb3SAAQAIABEAGgAjAC0AMgA3AEAARgBNAFUAYABnAGoAbABuAHEAcwB1AHcAhACOAK4AswC7AicCKQIuAjkCQgJQAlQCWwJkAmkCdgJ5AosCjgKTAAAAAAAAAgEAAAAAAAAAKAAAAAAAAAAAAAAAAAAAApU=}}

@article{Heatflow,
	Author = {K. Crane, C. Weischedel, M. Wardetzky},
	Date-Added = {2017-07-18 23:02:00 +0000},
	Date-Modified = {2017-07-18 23:03:27 +0000},
	Journal = {ACM Transaction on Graphics},
	Number = {3},
	Title = {Geodesics in Heat: A New Approach to Computing Distance Based on Heat Flow},
	Volume = {32},
	Year = {2013}}

@article{rml,
	Author = {T. Lin and H. Zha},
	Date-Added = {2017-07-14 06:25:30 +0000},
	Date-Modified = {2017-07-14 06:26:48 +0000},
	Journal = {IEEE Transactions on pattern analysis and machine intelligence},
	Month = {May},
	Number = {5},
	Pages = {796-809},
	Title = {Riemannian Manifold Learning},
	Volume = {30},
	Year = {2008}}

@article{heatkernel,
	Author = {D. Ting, L. Huang, and M.I.Jordan.},
	Date-Added = {2017-07-14 06:18:41 +0000},
	Date-Modified = {2017-07-14 06:20:02 +0000},
	Journal = {International Conference on Machine Learning},
	Pages = {1079-1086},
	Title = {An analysis of the convergence of graph laplacians.},
	Year = {2010}}

@article{rmetric,
	Author = {D. Perraul-Joncas, M. Meila},
	Date-Added = {2017-07-13 17:48:12 +0000},
	Date-Modified = {2017-07-13 18:03:39 +0000},
	Journal = {arXiv:1305.7255},
	Title = {Non-linear Dimensionality Reduction: Riemannian Metric Estimation and the Problem of Geometric Recovery},
	Year = {2013}}

@book{introtocurvature,
	Author = {J. M. Lee},
	Date-Added = {2017-07-13 16:57:04 +0000},
	Date-Modified = {2017-07-13 18:12:50 +0000},
	Publisher = {Springer},
	Title = {Riemannian Manifolds: An introduction to Curvature},
	Year = {1997},
	Bdsk-File-1 = {YnBsaXN0MDDUAQIDBAUGJCVYJHZlcnNpb25YJG9iamVjdHNZJGFyY2hpdmVyVCR0b3ASAAGGoKgHCBMUFRYaIVUkbnVsbNMJCgsMDxJXTlMua2V5c1pOUy5vYmplY3RzViRjbGFzc6INDoACgAOiEBGABIAFgAdccmVsYXRpdmVQYXRoWWFsaWFzRGF0YV4uLi8uLi9jaXRlLnR4dNIXCxgZV05TLmRhdGFPEQFaAAAAAAFaAAIAAAxNYWNpbnRvc2ggSEQAAAAAAAAAAAAAAAAAAADTUEcmSCsAAAAJjQcIY2l0ZS50eHQAAAAAAAAAAAAAAAAAAAAAAAAAAAAAAAAAAAAAAAAAAAAAAAAAAAAAAAAAAAAAAAAAAAAAAAAAAWtLSNXdrbQAAAAAAAAAAAACAAEAAAkgAAAAAAAAAAAAAAAAAAAAB0Rlc2t0b3AAABAACAAA01CplgAAABEACAAA1d4QJAAAAAEADAAJjQcACYz2AAYwvAACACpNYWNpbnRvc2ggSEQ6VXNlcnM6AG1hYzoARGVza3RvcDoAY2l0ZS50eHQADgASAAgAYwBpAHQAZQAuAHQAeAB0AA8AGgAMAE0AYQBjAGkAbgB0AG8AcwBoACAASABEABIAGlVzZXJzL21hYy9EZXNrdG9wL2NpdGUudHh0ABMAAS8AABUAAgAK//8AAIAG0hscHR5aJGNsYXNzbmFtZVgkY2xhc3Nlc11OU011dGFibGVEYXRhox0fIFZOU0RhdGFYTlNPYmplY3TSGxwiI1xOU0RpY3Rpb25hcnmiIiBfEA9OU0tleWVkQXJjaGl2ZXLRJidUcm9vdIABAAgAEQAaACMALQAyADcAQABGAE0AVQBgAGcAagBsAG4AcQBzAHUAdwCEAI4AnQCiAKoCCAIKAg8CGgIjAjECNQI8AkUCSgJXAloCbAJvAnQAAAAAAAACAQAAAAAAAAAoAAAAAAAAAAAAAAAAAAACdg==}}

@article{Pennec2006,
	Author = {Pennec, Xavier},
	Day = {05},
	Journal = {Journal of Mathematical Imaging and Vision},
	Month = {Jul},
	Number = {1},
	Pages = {127},
	Title = {Intrinsic Statistics on Riemannian Manifolds: Basic Tools for Geometric Measurements},
	Volume = {25},
	Year = {2006}}
