%% This BibTeX bibliography file was created using BibDesk.
%% http://bibdesk.sourceforge.net/

%% Created for mac at 2017-09-03 20:18:45 -0700 


%% Saved with string encoding Unicode (UTF-8) 



@conference{ltsa,
	Author = {Z.Zhang, H.Zha},
	Booktitle = {International Conference on Intelligent Data Engineering and Automated Learning},
	Date-Added = {2017-09-04 03:16:45 +0000},
	Date-Modified = {2017-09-04 03:18:43 +0000},
	Title = {Principal manifolds and nonlinear dimension reduction via local tangent space alignment},
	Year = {2003}}

@article{VDM,
	Author = {A.Singer, H.T. Wu},
	Date-Added = {2017-07-20 21:12:22 +0000},
	Date-Modified = {2017-07-20 21:13:54 +0000},
	Journal = {arXiv:1102.0075v1},
	Month = {Feb},
	Title = {Vector Diffusion Maps and the Connection Laplacian},
	Year = {2011}}

@article{geodistlearn,
	Author = {B.Lin, J. Yang, X. He, J. Ye},
	Date-Added = {2017-07-18 23:04:23 +0000},
	Date-Modified = {2017-07-18 23:05:20 +0000},
	Journal = {arXiv:1405.0133v2},
	Month = {May},
	Title = {Geodesic Distance Function Learning via heat flow on Vector Fields},
	Year = {2014}}

@article{Heatflow,
	Author = {K. Crane, C. Weischedel, M. Wardetzky},
	Date-Added = {2017-07-18 23:02:00 +0000},
	Date-Modified = {2017-07-18 23:03:27 +0000},
	Journal = {ACM Transaction on Graphics},
	Number = {3},
	Title = {Geodesics in Heat: A New Approach to Computing Distance Based on Heat Flow},
	Volume = {32},
	Year = {2013}}

@article{rml,
	Author = {T. Lin and H. Zha},
	Date-Added = {2017-07-14 06:25:30 +0000},
	Date-Modified = {2017-07-14 06:26:48 +0000},
	Journal = {IEEE Transactions on pattern analysis and machine intelligence},
	Month = {May},
	Number = {5},
	Pages = {796-809},
	Title = {Riemannian Manifold Learning},
	Volume = {30},
	Year = {2008}}

@article{heatkernel,
	Author = {D. Ting, L. Huang, and M.I.Jordan.},
	Date-Added = {2017-07-14 06:18:41 +0000},
	Date-Modified = {2017-07-14 06:20:02 +0000},
	Journal = {International Conference on Machine Learning},
	Pages = {1079-1086},
	Title = {An analysis of the convergence of graph laplacians.},
	Year = {2010}}

@article{rmetric,
	Author = {D. Perraul-Joncas, M. Meila},
	Date-Added = {2017-07-13 17:48:12 +0000},
	Date-Modified = {2017-07-13 18:03:39 +0000},
	Journal = {arXiv:1305.7255},
	Title = {Non-linear Dimensionality Reduction: Riemannian Metric Estimation and the Problem of Geometric Recovery},
	Year = {2013}}

@book{introtocurvature,
	Author = {J. M. Lee},
	Date-Added = {2017-07-13 16:57:04 +0000},
	Date-Modified = {2017-07-13 18:12:50 +0000},
	Publisher = {Springer},
	Title = {Riemannian Manifolds: An introduction to Curvature},
	Year = {1997}}
